<?xml version="1.0" encoding="UTF-8"?><collection xmlns="http://www.loc.gov/MARC21/slim"><record><leader>00567nam--2200205-u-4500</leader><controlfield tag="001">000052951</controlfield><controlfield tag="002">20161230</controlfield><controlfield tag="005">20161230201050</controlfield><controlfield tag="008">101130s1000------------r-----000-0-rum-d</controlfield><datafield ind1=" " ind2=" " tag="020"><subfield code="a">9737616383</subfield></datafield><datafield ind1=" " ind2=" " tag="040"><subfield code="a">IFIN-HH</subfield></datafield><datafield ind1=" " ind2=" " tag="041"><subfield code="a">rum</subfield></datafield><datafield ind1=" " ind2=" " tag="080"><subfield code="a">535:621.38</subfield></datafield><datafield ind1="1" ind2=" " tag="100"><subfield code="a">Cimpoca, Gheorghe V</subfield></datafield><datafield ind1="1" ind2="0" tag="245"><subfield code="a">Optica si optoelelctronica;</subfield><subfield code="b">Indrumar de laborator;</subfield><subfield code="c">Gheorghe v. cimpoca; adela gavanescu</subfield></datafield><datafield ind1=" " ind2=" " tag="260"><subfield code="a">Targoviste</subfield><subfield code="b">Valahia Univarsity Press</subfield><subfield code="c">2005</subfield></datafield><datafield ind1=" " ind2=" " tag="300"><subfield code="a">195P</subfield></datafield><datafield ind1="1" ind2=" " tag="700"><subfield code="a">Gavanescu, Adela</subfield></datafield><datafield ind1=" " ind2=" " tag="852"><subfield code="a">82241</subfield><subfield code="c">535</subfield></datafield><datafield ind1=" " ind2=" " tag="CAT"><subfield code="a">Sys</subfield><subfield code="c">20101130</subfield><subfield code="h">125629</subfield></datafield></record></collection>